[
    {
        "name": "Gạo còn cám Vinh Hiển Khổng Tước Nguyên túi 5kg",
        "category": "gao gao nep",
        "url": "https://www.bachhoaxanh.com/gao-gao-nep/gao-vinh-hien-khong-tuoc-nguyen-5kg",
        "image": "https://cdn.tgdd.vn/Products/Images/2513/193613/bhx/gao-con-cam-vinh-hien-khong-tuoc-nguyen-tui-5kg-202308100815235023_300x300.jpg",
        "price": "115000",
        "weight": "",
        "price_per_kg": "23.000₫/kg",
        "domain_url": "https://www.bachhoaxanh.com"
    },
    {
        "name": "Gạo Nhật shinichi Vua Gạo túi 5kg",
        "category": "gao gao nep",
        "url": "https://www.bachhoaxanh.com/gao-gao-nep/gao-nhat-vua-gao-shinichi-tui-5kg",
        "image": "https://cdn.tgdd.vn/Products/Images/2513/236057/bhx/gao-nhat-shinichi-vua-gao-tui-5kg-202103131639024736_300x300.jpg",
        "price": "140000",
        "weight": "",
        "price_per_kg": "28.000₫/kg",
        "domain_url": "https://www.bachhoaxanh.com"
    },
    {
        "name": "Gạo Trạng Nguyên Vinh Hiển ST25 túi 5kg",
        "category": "gao gao nep",
        "url": "https://www.bachhoaxanh.com/gao-gao-nep/gao-dac-san-trang-nguyen-vinh-hien-st25-tui-5kg",
        "image": "https://cdn.tgdd.vn/Products/Images/2513/298801/bhx/gao-dac-san-trang-nguyen-vinh-hien-st25-tui-5kg-202308171039458280_300x300.jpg",
        "price": "179000",
        "weight": "",
        "price_per_kg": "35.800₫/kg",
        "domain_url": "https://www.bachhoaxanh.com"
    },
    {
        "name": "Gạo thơm A An ST21 túi 5kg",
        "category": "gao gao nep",
        "url": "https://www.bachhoaxanh.com/gao-gao-nep/gao-thom-a-an-st21-tui-5kg",
        "image": "https://cdn.tgdd.vn/Products/Images/2513/223652/bhx/gao-thom-a-an-st21-tui-5kg-202306191018290517_300x300.jpg",
        "price": "110000",
        "weight": "",
        "price_per_kg": "22.000₫/kg",
        "domain_url": "https://www.bachhoaxanh.com"
    },
    {
        "name": "Gạo thơm A An ST25 túi 5kg",
        "category": "gao gao nep",
        "url": "https://www.bachhoaxanh.com/gao-gao-nep/gao-thom-a-an-st25-tui-5kg",
        "image": "https://cdn.tgdd.vn/Products/Images/2513/236950/bhx/gao-thom-a-an-tui-5kg-202312071133300614_300x300.jpg",
        "price": "139000",
        "weight": "",
        "price_per_kg": "27.800₫/kg",
        "domain_url": "https://www.bachhoaxanh.com"
    },
    {
        "name": "Gạo thơm Vua Gạo ST25 túi 5kg",
        "category": "gao gao nep",
        "url": "https://www.bachhoaxanh.com/gao-gao-nep/gao-thom-vua-gao-st25-tui-5kg",
        "image": "https://cdn.tgdd.vn/Products/Images/2513/236014/bhx/gao-thom-vua-gao-st25-tui-5kg-202312071149419082_300x300.jpg",
        "price": "139000",
        "weight": "",
        "price_per_kg": "27.800₫/kg",
        "domain_url": "https://www.bachhoaxanh.com"
    },
    {
        "name": "Gạo thơm đặc sản Neptune ST25 túi 5kg",
        "category": "gao gao nep",
        "url": "https://www.bachhoaxanh.com/gao-gao-nep/gao-thom-dac-san-neptune-st25-tui-5kg",
        "image": "https://cdn.tgdd.vn/Products/Images/2513/248421/bhx/gao-thom-dac-san-neptune-st25-tui-5kg-202312071129395519_300x300.jpg",
        "price": "159000",
        "weight": "",
        "price_per_kg": "31.800₫/kg",
        "domain_url": "https://www.bachhoaxanh.com"
    },
    {
        "name": "Gạo trắng Thiên Nhật túi 5kg",
        "category": "gao gao nep",
        "url": "https://www.bachhoaxanh.com/gao-gao-nep/gao-trang-thien-nhat-tui-5kg",
        "image": "https://cdn.tgdd.vn/Products/Images/2513/282955/bhx/gao-trang-thien-nhat-tui-5kg-202404080935133824_300x300.jpg",
        "price": "90000",
        "weight": "",
        "price_per_kg": "18.000₫/kg",
        "domain_url": "https://www.bachhoaxanh.com"
    },
    {
        "name": "Gạo thơm Vua Gạo ST25 Lúa Tôm túi 5kg",
        "category": "gao gao nep",
        "url": "https://www.bachhoaxanh.com/gao-gao-nep/gao-thom-vua-gao-st25-lua-tom-tui-5kg",
        "image": "https://cdn.tgdd.vn/Products/Images/2513/296941/bhx/gao-thom-vua-gao-tui-5kg-202312071356060759_300x300.jpg",
        "price": "159000",
        "weight": "",
        "price_per_kg": "31.800₫/kg",
        "domain_url": "https://www.bachhoaxanh.com"
    },
    {
        "name": "Gạo tấm thơm thanh yến Vinh Hiển túi 2kg",
        "category": "gao gao nep",
        "url": "https://www.bachhoaxanh.com/gao-gao-nep/gao-tam-thom-thanh-yen-vinh-hien-tui-2kg",
        "image": "https://cdn.tgdd.vn/Products/Images/2513/262356/bhx/gao-tam-thom-vinh-hien-tui-2kg-202310171533337245_300x300.jpg",
        "price": "47000",
        "weight": "",
        "price_per_kg": "23.500₫/kg",
        "domain_url": "https://www.bachhoaxanh.com"
    },
    {
        "name": "Gạo thơm Thiên Nhật túi 5kg",
        "category": "gao gao nep",
        "url": "https://www.bachhoaxanh.com/gao-gao-nep/gao-thom-thien-nhat-tui-5kg",
        "image": "https://cdn.tgdd.vn/Products/Images/2513/282956/bhx/gao-thom-thien-nhat-tui-5kg-202404080941585469_300x300.jpg",
        "price": "95000",
        "weight": "",
        "price_per_kg": "19.000₫/kg",
        "domain_url": "https://www.bachhoaxanh.com"
    },
    {
        "name": "Gạo lứt Vinh Hiển túi 2kg",
        "category": "gao gao nep",
        "url": "https://www.bachhoaxanh.com/gao-gao-nep/gao-lut-vinh-hien-tui-2kg",
        "image": "https://cdn.tgdd.vn/Products/Images/2513/216076/bhx/gao-lut-vinh-hien-tui-2kg-202103040826016095_300x300.jpg",
        "price": "51000",
        "weight": "",
        "price_per_kg": "25.500₫/kg",
        "domain_url": "https://www.bachhoaxanh.com"
    },
    {
        "name": "Gạo thơm Neptune ST25 Extra túi 5kg",
        "category": "gao gao nep",
        "url": "https://www.bachhoaxanh.com/gao-gao-nep/gao-thom-neptune-st25-extra-tui-5kg",
        "image": "https://cdn.tgdd.vn/Products/Images/2513/324448/bhx/gao-thom-neptune-st25-extra-tui-5kg-202404080944166276_300x300.jpg",
        "price": "139000",
        "weight": "",
        "price_per_kg": "27.800₫/kg",
        "domain_url": "https://www.bachhoaxanh.com"
    },
    {
        "name": "Gạo ngon Bách hoá XANH túi 5kg",
        "category": "gao gao nep",
        "url": "https://www.bachhoaxanh.com/gao-gao-nep/gao-ngon-bach-hoa-xanh-tui-5kg",
        "image": "https://cdn.tgdd.vn/Products/Images/2513/210378/bhx/gao-ngon-bach-hoa-xanh-tui-5kg-202312090925125725_300x300.jpg",
        "price": "110000",
        "weight": "",
        "price_per_kg": "22.000₫/kg",
        "domain_url": "https://www.bachhoaxanh.com"
    },
    {
        "name": "Gạo thơm Vua Gạo Đậm Đà túi 5kg",
        "category": "gao gao nep",
        "url": "https://www.bachhoaxanh.com/gao-gao-nep/gao-thom-vua-gao-dam-da-tui-5kg",
        "image": "https://cdn.tgdd.vn/Products/Images/2513/182769/bhx/gao-thom-vua-gao-dam-da-tui-5kg-202106041129447653_300x300.jpg",
        "price": "165000",
        "weight": "",
        "price_per_kg": "33.000₫/kg",
        "domain_url": "https://www.bachhoaxanh.com"
    },
    {
        "name": "Gạo thơm Ngon ST24 túi 5kg",
        "category": "gao gao nep",
        "url": "https://www.bachhoaxanh.com/gao-gao-nep/gao-thom-ngon-st24-tui-5kg",
        "image": "https://cdn.tgdd.vn/Products/Images/2513/232102/bhx/gao-thom-ngon-st24-tui-5kg-202103040813067104_300x300.jpg",
        "price": "165000",
        "weight": "",
        "price_per_kg": "33.000₫/kg",
        "domain_url": "https://www.bachhoaxanh.com"
    },
    {
        "name": "Gạo thơm Vua Gạo Làng Ta túi 5kg",
        "category": "gao gao nep",
        "url": "https://www.bachhoaxanh.com/gao-gao-nep/gao-thom-vua-gao-lang-ta-5kg",
        "image": "https://cdn.tgdd.vn/Products/Images/2513/159558/bhx/gao-thom-vua-gao-lang-ta-tui-5kg-202311221020188298_300x300.jpg",
        "price": "125000",
        "weight": "",
        "price_per_kg": "25.000₫/kg",
        "domain_url": "https://www.bachhoaxanh.com"
    },
    {
        "name": "Gạo Vinh Hiển Đỗ Quyên túi 5kg",
        "category": "gao gao nep",
        "url": "https://www.bachhoaxanh.com/gao-gao-nep/gao-vinh-hien-do-quyen-5kg",
        "image": "https://cdn.tgdd.vn/Products/Images/2513/193609/bhx/gao-vinh-hien-do-quyen-tui-5kg-202111021628092012_300x300.jpg",
        "price": "93500",
        "weight": "",
        "price_per_kg": "18.700₫/kg",
        "domain_url": "https://www.bachhoaxanh.com"
    },
    {
        "name": "Gạo thơm Vua Gạo ST25 túi 2kg",
        "category": "gao gao nep",
        "url": "https://www.bachhoaxanh.com/gao-gao-nep/gao-thom-vua-gao-st25-tui-2kg",
        "image": "https://cdn.tgdd.vn/Products/Images/2513/253156/bhx/gao-thom-vua-gao-st25-tui-2kg-202306191016126821_300x300.jpg",
        "price": "79000",
        "weight": "",
        "price_per_kg": "39.500₫/kg",
        "domain_url": "https://www.bachhoaxanh.com"
    },
    {
        "name": "Gạo Cỏ May lứt nâu organic hộp 1kg",
        "category": "gao gao nep",
        "url": "https://www.bachhoaxanh.com/gao-gao-nep/gao-co-may-lut-nau-organic-hop-1kg",
        "image": "https://cdn.tgdd.vn/Products/Images/2513/243057/bhx/gao-co-may-lut-nau-organic-hop-1kg-202106260819085014_300x300.jpg",
        "price": "66000",
        "weight": "",
        "price_per_kg": "66.000₫/kg",
        "domain_url": "https://www.bachhoaxanh.com"
    },
    {
        "name": "Gạo thơm Vua Gạo Phù Sa túi 2kg",
        "category": "gao gao nep",
        "url": "https://www.bachhoaxanh.com/gao-gao-nep/gao-thom-vua-gao-phu-sa-2kg",
        "image": "https://cdn.tgdd.vn/Products/Images/2513/159560/bhx/gao-thom-vua-gao-phu-sa-tui-2kg-202311221016120789_300x300.jpg",
        "price": "59000",
        "weight": "",
        "price_per_kg": "29.500₫/kg",
        "domain_url": "https://www.bachhoaxanh.com"
    },
    {
        "name": "Gạo thơm Vua Gạo Làng Ta túi 2kg",
        "category": "gao gao nep",
        "url": "https://www.bachhoaxanh.com/gao-gao-nep/gao-thom-vua-gao-lang-ta-2kg",
        "image": "https://cdn.tgdd.vn/Products/Images/2513/159559/bhx/gao-thom-vua-gao-lang-ta-tui-2kg-202311220944385061_300x300.jpg",
        "price": "48500",
        "weight": "",
        "price_per_kg": "24.250₫/kg",
        "domain_url": "https://www.bachhoaxanh.com"
    },
    {
        "name": "Gạo lứt tím Vinh Hiển túi 1kg",
        "category": "gao gao nep",
        "url": "https://www.bachhoaxanh.com/gao-gao-nep/gao-lut-tim-vinh-hien-tui-1kg",
        "image": "https://cdn.tgdd.vn/Products/Images/2513/262354/bhx/gao-lut-tim-vinh-hien-tui-1kg-202301090824554250_300x300.jpg",
        "price": "48000",
        "weight": "",
        "price_per_kg": "48.000₫/kg",
        "domain_url": "https://www.bachhoaxanh.com"
    },
    {
        "name": "Nếp Bắc Việt San túi 1kg",
        "category": "gao gao nep",
        "url": "https://www.bachhoaxanh.com/gao-gao-nep/nep-bac-1kg",
        "image": "https://cdn.tgdd.vn/Products/Images/2513/77348/bhx/nep-bac-viet-san-tui-1kg-202103040810147166_300x300.jpg",
        "price": "42000",
        "weight": "",
        "price_per_kg": "42.000₫/kg",
        "domain_url": "https://www.bachhoaxanh.com"
    },
    {
        "name": "Gạo lứt đỏ Vinh Hiển túi 1kg",
        "category": "gao gao nep",
        "url": "https://www.bachhoaxanh.com/gao-gao-nep/gao-lut-do-vinh-hien-tui-1kg",
        "image": "https://cdn.tgdd.vn/Products/Images/2513/229221/bhx/gao-lut-do-vinh-hien-tui-1kg-202301090824257510_300x300.jpg",
        "price": "41500",
        "weight": "",
        "price_per_kg": "41.500₫/kg",
        "domain_url": "https://www.bachhoaxanh.com"
    },
    {
        "name": "Nếp cái hoa vàng Vinh Hiển túi 1kg",
        "category": "gao gao nep",
        "url": "https://www.bachhoaxanh.com/gao-gao-nep/nep-cai-hoa-vang-vinh-hien-tui-1kg",
        "image": "https://cdn.tgdd.vn/Products/Images/2513/227004/bhx/nep-cai-hoa-vang-vinh-hien-tui-1kg-202103040830355507_300x300.jpg",
        "price": "36000",
        "weight": "",
        "price_per_kg": "36.000₫/kg",
        "domain_url": "https://www.bachhoaxanh.com"
    },
    {
        "name": "Nếp cái hoa vàng Ông Cụ túi 1kg",
        "category": "gao gao nep",
        "url": "https://www.bachhoaxanh.com/gao-gao-nep/nep-cai-hoa-vang-ong-cu-tui-1kg",
        "image": "https://cdn.tgdd.vn/Products/Images/2513/236007/bhx/nep-cai-hoa-vang-ong-cu-tui-1kg-202103131631574575_300x300.jpg",
        "price": "36000",
        "weight": "",
        "price_per_kg": "36.000₫/kg",
        "domain_url": "https://www.bachhoaxanh.com"
    },
    {
        "name": "Nếp ngỗng PMT túi 1kg",
        "category": "gao gao nep",
        "url": "https://www.bachhoaxanh.com/gao-gao-nep/nep-ngong-pmt-1kg",
        "image": "https://cdn.tgdd.vn/Products/Images/2513/146576/bhx/nep-ngong-pmt-tui-1kg-202103040808176553_300x300.jpg",
        "price": "33000",
        "weight": "",
        "price_per_kg": "33.000₫/kg",
        "domain_url": "https://www.bachhoaxanh.com"
    },
    {
        "name": "Nếp chùm Vinh Hiển túi 1kg",
        "category": "gao gao nep",
        "url": "https://www.bachhoaxanh.com/gao-gao-nep/nep-chum-vinh-hien-tui-1kg",
        "image": "https://cdn.tgdd.vn/Products/Images/2513/229220/bhx/nep-chum-vinh-hien-tui-1kg-202103201002091467_300x300.jpeg",
        "price": "29000",
        "weight": "",
        "price_per_kg": "29.000₫/kg",
        "domain_url": "https://www.bachhoaxanh.com"
    }
]